<record><leader>00000cas a2200000 a 4500</leader><controlfield tag="001">22259334</controlfield><controlfield tag="008">900823c19909999iauwr ne      0   a0eng c</controlfield><datafield ind1=" " ind2=" " tag="010"><subfield code="a">sn 90001908 </subfield></datafield><datafield ind1=" " ind2=" " tag="040"><subfield code="a">IWA</subfield><subfield code="b">eng</subfield><subfield code="c">IWA</subfield><subfield code="d">NSD</subfield><subfield code="d">INP</subfield><subfield code="d">OCLCQ</subfield></datafield><datafield ind1=" " ind2=" " tag="012"><subfield code="m">1</subfield></datafield><datafield ind1="1" ind2=" " tag="022"><subfield code="a">1053-7139</subfield><subfield code="l">1053-7139</subfield><subfield code="2">1</subfield></datafield><datafield ind1=" " ind2=" " tag="032"><subfield code="a">468500</subfield><subfield code="b">USPS</subfield></datafield><datafield ind1=" " ind2=" " tag="037"><subfield code="b">Nora Springs Advertiser, Rockford Register, PO Box J, Rockford, IA 50468</subfield></datafield><datafield ind1=" " ind2=" " tag="042"><subfield code="a">nsdp</subfield><subfield code="a">pcc</subfield></datafield><datafield ind1=" " ind2="0" tag="222"><subfield code="a">Nora Springs advertiser, Rockford register</subfield></datafield><datafield ind1="0" ind2="0" tag="245"><subfield code="a">Nora Springs advertiser, Rockford register.</subfield></datafield><datafield ind1="1" ind2="7" tag="246"><subfield code="a">Advertiser-register</subfield></datafield><datafield ind1=" " ind2=" " tag="260"><subfield code="a">Nora Springs, IA ;</subfield><subfield code="a">Rockford, IA :</subfield><subfield code="b">D. Cutler,</subfield><subfield code="c">1990-</subfield></datafield><datafield ind1=" " ind2=" " tag="300"><subfield code="a">v. :</subfield><subfield code="b">ill. ;</subfield><subfield code="c">58 cm.</subfield></datafield><datafield ind1=" " ind2=" " tag="310"><subfield code="a">Weekly</subfield></datafield><datafield ind1="0" ind2=" " tag="362"><subfield code="a">Vol. 1, no. 28 (July 11, 1990)-</subfield></datafield><datafield ind1=" " ind2=" " tag="500"><subfield code="a">"Serving Nora Springs, Rockford, Rudd, Marble Rock &amp; Rock Falls."</subfield></datafield><datafield ind1=" " ind2=" " tag="752"><subfield code="a">United states</subfield><subfield code="b">Iowa</subfield><subfield code="c">Floyd</subfield><subfield code="d">Nora Springs.</subfield></datafield><datafield ind1=" " ind2=" " tag="752"><subfield code="a">United States</subfield><subfield code="b">Iowa</subfield><subfield code="c">Floyd</subfield><subfield code="d">Rockford.</subfield></datafield><datafield ind1=" " ind2=" " tag="752"><subfield code="a">United States</subfield><subfield code="b">Iowa</subfield><subfield code="c">Floyd</subfield><subfield code="d">Rudd.</subfield></datafield><datafield ind1=" " ind2=" " tag="752"><subfield code="a">United States</subfield><subfield code="b">Iowa</subfield><subfield code="c">Floyd</subfield><subfield code="d">Marble Rock.</subfield></datafield><datafield ind1=" " ind2=" " tag="752"><subfield code="a">United States</subfield><subfield code="b">Iowa</subfield><subfield code="c">Cerro Gordo</subfield><subfield code="d">Rock Falls.</subfield></datafield><datafield ind1="0" ind2="4" tag="780"><subfield code="t">Nora Springs advertiser (Nora Springs, Iowa : 1944)</subfield><subfield code="w">(DLC)sn 92056108</subfield></datafield><datafield ind1="0" ind2="4" tag="780"><subfield code="t">Rockford register (Rockford, Iowa)</subfield><subfield code="w">(DLC)sn 88059502</subfield><subfield code="w">(OCoLC)16110033</subfield></datafield><datafield ind1=" " ind2=" " tag="936"><subfield code="a">Vol. 1, no. 41 (Wednesday, Oct. 10, 1990) LIC</subfield></datafield></record>